<record xmlns="http://www.loc.gov/MARC21/slim" xmlns:xsi="http://www.w3.org/2001/XMLSchema-instance" xsi:schemaLocation="http://www.loc.gov/MARC21/slim http://www.loc.gov/standards/marcxml/schema/MARC21slim.xsd"><leader>     nam a22        4500</leader><controlfield tag="001">3071331</controlfield><controlfield tag="003">NNC</controlfield><controlfield tag="006">m        d        </controlfield><controlfield tag="007">cr cn |||m|||a</controlfield><controlfield tag="008">150601s1939    sy      o     000 0 ara d</controlfield><datafield ind1=" " ind2=" " tag="040"><subfield code="a">NNU</subfield><subfield code="b">eng</subfield><subfield code="e">rda</subfield><subfield code="c">NNU</subfield></datafield><datafield ind1="1" ind2=" " tag="100"><subfield code="6">880-01</subfield><subfield code="a">Ibn T&#803;ufayl, Muh&#803;ammad ibn &#699;Abd al-Malik,</subfield><subfield code="d">-1185.</subfield></datafield><datafield ind1="1" ind2="0" tag="245"><subfield code="6">880-02</subfield><subfield code="a">H&#803;ayy ibn Yaqz&#803;a&#772;n /</subfield><subfield code="c">li-Ibn T&#803;ufayl al-Andalusi&#772;; qaddama lahu bi-dira&#772;sah wa tah&#803;li&#772;l Jami&#772;l S&#803;ali&#772;ba&#772;, Ka&#772;mil &#699;Ayya&#772;d.</subfield></datafield><datafield ind1=" " ind2=" " tag="250"><subfield code="6">880-03</subfield><subfield code="a">Al-T&#803;ab&#699;ah 2.</subfield></datafield><datafield ind1=" " ind2=" " tag="260"><subfield code="6">880-04</subfield><subfield code="a">Dimashq :</subfield><subfield code="b">Maktabat al-Nashr al-&#699;Arabi&#772;,</subfield><subfield code="c">1939.</subfield></datafield><datafield ind1=" " ind2=" " tag="300"><subfield code="a">online resource (196 pages)</subfield></datafield><datafield ind1=" " ind2=" " tag="336"><subfield code="a">text</subfield><subfield code="2">rdacontent</subfield></datafield><datafield ind1=" " ind2=" " tag="337"><subfield code="a">computer</subfield><subfield code="2">rdamedia</subfield></datafield><datafield ind1=" " ind2=" " tag="338"><subfield code="a">online resource</subfield><subfield code="2">rdacarrier</subfield></datafield><datafield ind1=" " ind2=" " tag="500"><subfield code="a">Part of the Arabic Collections Online (ACO) project, contributed by Columbia University Libraries.</subfield></datafield><datafield ind1=" " ind2=" " tag="533"><subfield code="a">Electronic reproduction.</subfield><subfield code="b">New York, N.Y. :</subfield><subfield code="c">New York University,</subfield><subfield code="d">2015.</subfield><subfield code="5">NNU</subfield></datafield><datafield ind1="1" ind2=" " tag="700"><subfield code="6">880-05</subfield><subfield code="a">S&#803;ali&#772;ba&#772;, Jami&#772;l,</subfield><subfield code="d">1902-1976,</subfield><subfield code="e">editor.</subfield></datafield><datafield ind1="1" ind2=" " tag="700"><subfield code="6">880-06</subfield><subfield code="a">&#699;Ayya&#772;d, Ka&#772;mil,</subfield><subfield code="e">editor. </subfield></datafield><datafield ind1="2" ind2=" " tag="710"><subfield code="a">Columbia University.</subfield><subfield code="b">Libraries.</subfield></datafield><datafield ind1="0" ind2=" " tag="730"><subfield code="a">Arabic Collections Online.</subfield></datafield><datafield ind1="0" ind2="8" tag="776"><subfield code="i">Print version:</subfield><subfield code="a">Ibn T&#803;ufayl, Muh&#803;ammad ibn &#699;Abd al-Malik, -1185.</subfield><subfield code="t">H&#803;ayy ibn Yaqz&#803;a&#772;n</subfield><subfield code="w">(NNC)3071331</subfield><subfield code="w">(OCoLC)40237335</subfield></datafield><datafield ind1="4" ind2="0" tag="856"><subfield code="u">http://hdl.handle.net/2333.1/9cnp5m4b</subfield></datafield><datafield ind1="1" ind2=" " tag="880"><subfield code="6">100-01/r</subfield><subfield code="a">&#1575;&#1576;&#1606; &#1591;&#1601;&#1610;&#1604;&#1548; &#1605;&#1581;&#1605;&#1583; &#1576;&#1606; &#1593;&#1576;&#1583; &#1575;&#1604;&#1605;&#1604;&#1603;&#1548;</subfield><subfield code="d">-1185.</subfield></datafield><datafield ind1="1" ind2="0" tag="880"><subfield code="6">245-02/r</subfield><subfield code="a">&#1581;&#1610; &#1576;&#1606; &#1610;&#1602;&#1592;&#1575;&#1606; /</subfield><subfield code="c">&#1604;&#1575;&#1576;&#1606; &#1591;&#1601;&#1610;&#1604; &#1575;&#1604;&#1575;&#1606;&#1583;&#1604;&#1587;&#1610;&#1563; &#1602;&#1583;&#1605; &#1604;&#1607; &#1576;&#1583;&#1585;&#1575;&#1587;&#1577; &#1608; &#1578;&#1581;&#1604;&#1610;&#1604; &#1580;&#1605;&#1610;&#1604; &#1589;&#1604;&#1610;&#1576;&#1575;&#1548; &#1603;&#1575;&#1605;&#1604; &#1593;&#1610;&#1575;&#1583;.</subfield></datafield><datafield ind1=" " ind2=" " tag="880"><subfield code="6">250-03/r</subfield><subfield code="a">&#1575;&#1604;&#1591;&#1576;&#1593;&#1577; 2.</subfield></datafield><datafield ind1=" " ind2=" " tag="880"><subfield code="6">260-04/r</subfield><subfield code="a">&#1583;&#1605;&#1588;&#1602; :</subfield><subfield code="b">&#1605;&#1603;&#1578;&#1576;&#1577; &#1575;&#1604;&#1606;&#1588;&#1585; &#1575;&#1604;&#1593;&#1585;&#1576;&#1610;&#1548;</subfield><subfield code="c">1939.</subfield></datafield><datafield ind1="1" ind2=" " tag="880"><subfield code="6">700-05/r</subfield><subfield code="a">&#1589;&#1604;&#1610;&#1576;&#1575;&#1548; &#1580;&#1605;&#1610;&#1604;&#1548;</subfield><subfield code="d">1902-1976&#1548;</subfield><subfield code="e">editor.</subfield></datafield><datafield ind1="1" ind2=" " tag="880"><subfield code="6">700-06/r</subfield><subfield code="a">&#1593;&#1610;&#1575;&#1583;&#1548; &#1603;&#1575;&#1605;&#1604;&#1548;</subfield><subfield code="e">editor. </subfield></datafield><datafield ind1=" " ind2=" " tag="959"><subfield code="a">NNU</subfield><subfield code="b">WEB</subfield><subfield code="c">GENI</subfield><subfield code="t">0</subfield><subfield code="m">Electronic access</subfield><subfield code="s">01</subfield></datafield><datafield ind1=" " ind2=" " tag="999"><subfield code="i">NNC_3071331</subfield><subfield code="o">(OCoLC)ocm40237335</subfield><subfield code="s">columbia_aco000484</subfield><subfield code="e">(ERROR-880)</subfield><subfield code="s">columbia_aco000484</subfield></datafield></record>